@INPROCEEDINGS{5543262,
author={P. {Lucey} and J. F. {Cohn} and T. {Kanade} and J. {Saragih} and Z. {Ambadar} and I. {Matthews}},
booktitle={2010 IEEE Computer Society Conference on Computer Vision and Pattern Recognition - Workshops},
title={The Extended Cohn-Kanade Dataset (CK+): A complete dataset for action unit and emotion-specified expression},
year={2010},
volume={},
number={},
pages={94-101},
keywords={emotion recognition;face recognition;image classification;support vector machines;extended Cohn-Kanade dataset;action unit;emotion-specified expression;facial expression detection;CK database;emotion detection;active appearance models;linear support vector machine;SVM classifier;leave-one-out subject cross-validation;Databases;Gold;Active appearance model;Support vector machines;Support vector machine classification;Face detection;Testing;Performance evaluation;Measurement;Code standards},
doi={10.1109/CVPRW.2010.5543262},
ISSN={2160-7516},
month={June},}